@incollection{uppaaltron2008,
	title = {Testing {Real-Time} Systems Using {UPPAAL}},
	booktitle = {Formal Methods and Testing},
	author = {Anders Hessel and Kim Larsen and Marius Mikucionis and Brian Nielsen and Paul Pettersson and Arne Skou},
	year = {2008},
	pages = {77--117}
}

@InProceedings{uppaaltron2005,
  author =       {Kim G. Larsen and Marius Mikucionis and Brian Nielsen},
  title =        {Testing real-time embedded software using {UPPAAL-TRON}: an industrial case study},
  booktitle =    {the 5th ACM international conference on Embedded software},
  pages =        {299 - 306},
  year =         {2005},
  month =        {September 18--22},
  publisher =    {ACM Press New York, NY, USA}
}

@inproceedings{uppaalcover2007,
  title={{CoVer} - a real-time test case generation tool},
  author={Hessel, Anders and Pettersson, Paul},
  booktitle={19th IFIP International Conference on Testing of Communicating Systems and 7th International Workshop on Formal Approaches to Testing of Software},
  year={2007}
}